@article{rafetseder2013sensorium,
  title={Sensorium-A Generic Sensor Framework.},
  author={Rafetseder, Albert and Metzger, Florian and P{\"u}hringer, Lukas and Tutschku, Kurt and Zhuang, Yanyan and Cappos, Justin},
  journal={Praxis der Informationsverarbeitung und Kommunikation},
  volume={36},
  number={1},
  pages={46},
  year={2013}
}

@article{zhuang2015privacy,
  title={Privacy-preserving Experimentation with Sensibility Testbed},
  author={Zhuang, Yanyan and Rafetseder, Albert and Cappos, Justin},
  journal={;login:: the magazine of USENIX},
  volume={40},
  number={4},
  pages={18--21},
  year={2015},
  publisher={USENIX Association}
}
